<record><leader>00000cas a22000007a 4500</leader><controlfield tag="001">15155747</controlfield><controlfield tag="008">870205d18751900moudr ne      0    0eng d</controlfield><datafield ind1=" " ind2=" " tag="010"><subfield code="a">sn 87052127 </subfield></datafield><datafield ind1=" " ind2=" " tag="040"><subfield code="a">NPX</subfield><subfield code="b">eng</subfield><subfield code="c">NPX</subfield><subfield code="d">MQN</subfield><subfield code="d">OCLCQ</subfield></datafield><datafield ind1=" " ind2=" " tag="042"><subfield code="a">msc</subfield></datafield><datafield ind1="0" ind2="4" tag="245"><subfield code="a">The Joplin daily news.</subfield></datafield><datafield ind1=" " ind2=" " tag="260"><subfield code="a">Joplin, Mo. :</subfield><subfield code="b">Peter Schnur,</subfield><subfield code="c">-1900.</subfield></datafield><datafield ind1=" " ind2=" " tag="300"><subfield code="a">v.</subfield></datafield><datafield ind1=" " ind2=" " tag="310"><subfield code="a">Daily</subfield></datafield><datafield ind1="1" ind2=" " tag="362"><subfield code="a">Began in 1875?</subfield></datafield><datafield ind1="0" ind2=" " tag="362"><subfield code="a">-v. 25, no. 71 (Mar. 3, 1900).</subfield></datafield><datafield ind1=" " ind2=" " tag="588"><subfield code="a">Description based on: Vol. 1, no. 240 (Sept. 26, 1876).</subfield></datafield><datafield ind1=" " ind2=" " tag="752"><subfield code="a">United States</subfield><subfield code="b">Missouri</subfield><subfield code="c">Jasper</subfield><subfield code="d">Joplin.</subfield></datafield><datafield ind1="0" ind2="0" tag="780"><subfield code="t">Mining news (Joplin, Mo. : 1872)</subfield><subfield code="w">(DLC)sn 85033951</subfield></datafield><datafield ind1="0" ind2="7" tag="785"><subfield code="t">Joplin herald</subfield><subfield code="w">(DLC)sn 89067258</subfield></datafield><datafield ind1="0" ind2="7" tag="785"><subfield code="t">Joplin daily news-herald</subfield><subfield code="w">(DLC)sn 89067262</subfield></datafield></record>